@Book{manual,
author = {VLADIMÍR BERAN and others},
title = {Typografický manuál},
publisher = {MANUÁL Náchod, Weyrova 12},
year = {1994},
series = {1. vydání},
isbn = {80-901824-0-2},
}

@Book{tex_companion,
author = {MICHEL GOOSSENS and FRANK MITTELBACH and ALEXANDER SAMARIN},
title = {The \LaTeX\ Companion},
publisher = {Addison-Wesley Publishing Company},
year = {1994},
address = {Boston},
isbn = {0-201-54199-8},
}

@MastersThesis{znak_sady,
key = {cerny},
author = {MARTIN ČERNÝ},
title = {Znakové sady v typografických systémech},
school = {Mendelova zemědělská a lesnická univerzita v Brně, Fakulta provozně ekonomická},
year = {1999},
type = {Diplomová práce},
address = {Brno},
}

@MastersThesis{zivy_font,
author = {MILAN JIŘÍČEK},
title = {Živý font},
school = {Vysoké učení technické v Brně, Fakulta elektrotechniky a komunikačních technologií},
year = {2012},
type = {Diplomová práce},
OPTaddress = {Brno},
}

@Article{font_2016,
author = {redakce časopisu Font},
title = {Graduation Projects 2015},
journal = {Font},
year = {2016},
pages = {24-25},
month = {leden - únor},
issn = {1211-4049},
}

@Article{font_2012,
author = {redakce časopisu Font},
title = {Windsor},
journal = {Font},
year = {2012},
pages = {36-37},
month = {květen - červen},
issn = {1211-4049},
}

@misc{ wiki:pismo,
author = "Wikipedie",
title = "Písmo --- Wikipedie: Otevřená encyklopedie",
year = "2015",
url = "https://cs.wikipedia.org/w/index.php?title=P\%C3\%ADsmo\&oldid=13012117",
note = "[Online], [cit. 18. 04. 2016]"
}
 
@misc{ typomil,
author = "MARTIN PECINA",
title = "Přehled fontů --- Typomil",
url = "http://typomil.com/typografie-na-webu/prehled-fontu.htm",
note = "[Online], [cit. 18. 04. 2016]"
}
 